101 234567890 1234567891310081642C094101ImmDestName            ImmOriginName                  
5225Rise            8665801226 Debit    1204177339WEBPAYMENT         1310080001123456780000001
627071001041123456789        000001406625877675       Integration, 972ff172-S 0123456780000000
627071001041123456789        000001406625877676       Integration, d275a016-S 0123456780000001
627071001041123456789        000001406625877673       Integration, e7524323-S 0123456780000002
627071001041123456789        000001406625877674       Integration, 3e9fb190-S 0123456780000003
627071001041123456789        000001406625877678       Integration, 7007cd1b-S 0123456780000004
627071001041123456789        000001406625877671       Integration, a0eb985f-S 0123456780000005
627071001041123456789        000001406625877669       Integration, 079cd258-S 0123456780000006
627071001041123456789        000001406625877670       Integration, 90de1523-S 0123456780000007
627071001041123456789        000001406625877677       Integration, aec92ce7-S 0123456780000008
627071001041123456789        000001406625877672       Integration, 93ca749a-S 0123456780000009
822500001000710010400000001406600000000000001204177339                         123456780000001
5225Rise            8665801226 Debit    1261338450WEBPAYMENT         1310080001123456780000002
627322270495012345678        000000886625877592       Integration, 8043c096-S 0123456780000010
627071004200789012345678     000007296625877575       Integration, 4f19ea6f-S 0123456780000011
627122238682890123456789     000008936625877558       Integration, 640f6bb2-S 0123456780000012
627322284892678901234567     000006986625877541       Integration, e8c9a9a2-S 0123456780000013
627071004200789012345678     000007296625877590       Integration, 6603d760-S 0123456780000014
6270929029833456789012       000003396625877524       Integration, 3759fcb1-S 0123456780000015
627122238682890123456789     000008936625877573       Integration, ee8fd8d6-S 0123456780000016
627122238682890123456789     000008936625877556       Integration, aa9f16ad-S 0123456780000017
627122238682890123456789     000008936625877559       Integration, 819103b9-S 0123456780000018
627322270495012345678        000000886625877593       Integration, 77f24703-S 0123456780000019
627071004200789012345678     000007296625877576       Integration, 6c790d02-S 0123456780000020
6270929029833456789012       000003396625877525       Integration, d055517b-S 0123456780000021
627322284892678901234567     000006986625877539       Integration, 6b1fe354-S 0123456780000022
6273210702275678901234       000005346625877542       Integration, d937e6b8-S 0123456780000023
627071004200789012345678     000007296625877574       Integration, c08c605a-S 0123456780000024
627071004200789012345678     000007296625877591       Integration, 4dcfcf14-S 0123456780000025
627322284892678901234567     000006986625877540       Integration, deee71bc-S 0123456780000026
627122238682890123456789     000008936625877557       Integration, 892986cb-S 0123456780000027
627071004200789012345678     000007296625877589       Integration, 80ae714a-S 0123456780000028
6270929029833456789012       000003396625877523       Integration, 3838fff0-S 0123456780000029
627322284892678901234567     000006986625877526       Integration, c1a32df9-S 0123456780000030
6273210702275678901234       000005346625877555       Integration, 547be456-S 0123456780000031
627322284892678901234567     000006986625877535       Integration, cca6b4d8-S 0123456780000032
627071004200789012345678     000007296625877578       Integration, 2936a0f5-S 0123456780000033
6273210702275678901234       000005346625877544       Integration, 9e8d6cdd-S 0123456780000034
627071004200789012345678     000007296625877587       Integration, 3db06685-S 0123456780000035
627322284892678901234567     000006986625877530       Integration, b4510fba-S 0123456780000036
627322270495012345678        000000886625877596       Integration, f4cf86de-S 0123456780000037
6273210702275678901234       000005346625877553       Integration, 101c7240-S 0123456780000038
627071004200789012345678     000007296625877585       Integration, 23beec4d-S 0123456780000039
627122238682890123456789     000008936625877562       Integration, 114afee3-S 0123456780000040
627322284892678901234567     000006986625877528       Integration, 4cf88e96-S 0123456780000041
627122238682890123456789     000008936625877571       Integration, f0131519-S 0123456780000042
627322270495012345678        000000886625877594       Integration, b6f64710-S 0123456780000043
627322284892678901234567     000006986625877537       Integration, 232ba6e4-S 0123456780000044
627122238682890123456789     000008936625877560       Integration, f97e3e05-S 0123456780000045
627071004200789012345678     000007296625877580       Integration, b03125d7-S 0123456780000046
627122238682890123456789     000008936625877569       Integration, c64e0b26-S 0123456780000047
6273210702275678901234       000005346625877546       Integration, ab6378a2-S 0123456780000048
627322284892678901234567     000006986625877532       Integration, 662ca3c1-S 0123456780000049
6273210702275678901234       000005346625877549       Integration, 4ad3b87f-S 0123456780000050
627322270495012345678        000000886625877598       Integration, 9ce00c1c-S 0123456780000051
627071004200789012345678     000007296625877581       Integration, f58a9ceb-S 0123456780000052
627122238682890123456789     000008936625877564       Integration, 5a4ab47c-S 0123456780000053
627071004200789012345678     000007296625877584       Integration, f44b1ab9-S 0123456780000054
627122238682890123456789     000008936625877567       Integration, 8e2efdfc-S 0123456780000055
6273210702275678901234       000005346625877550       Integration, d42fba6d-S 0123456780000056
627322284892678901234567     000006986625877533       Integration, 0b2d2e29-S 0123456780000057
627071004200789012345678     000007296625877582       Integration, 1194aa15-S 0123456780000058
627122238682890123456789     000008936625877565       Integration, 876a4bc2-S 0123456780000059
6273210702275678901234       000005346625877551       Integration, ae751333-S 0123456780000060
6273210702275678901234       000005346625877548       Integration, a19dc6fd-S 0123456780000061
627322284892678901234567     000006986625877531       Integration, 581b3eef-S 0123456780000062
627322284892678901234567     000006986625877534       Integration, e5cde178-S 0123456780000063
627122238682890123456789     000008936625877566       Integration, 053c803d-S 0123456780000064
627071004200789012345678     000007296625877583       Integration, fc7654cb-S 0123456780000065
6273210702275678901234       000005346625877552       Integration, e29fa6b5-S 0123456780000066
627322284892678901234567     000006986625877529       Integration, 8ecb11e1-S 0123456780000067
627122238682890123456789     000008936625877572       Integration, ad88c4ed-S 0123456780000068
627322270495012345678        000000886625877595       Integration, f2394ca3-S 0123456780000069
627322284892678901234567     000006986625877538       Integration, f7984fdc-S 0123456780000070
627122238682890123456789     000008936625877561       Integration, 2dc32098-S 0123456780000071
627122238682890123456789     000008936625877570       Integration, 8367b279-S 0123456780000072
6273210702275678901234       000005346625877547       Integration, 500c74d9-S 0123456780000073
627322284892678901234567     000006986625877527       Integration, 8745b634-S 0123456780000074
627322284892678901234567     000006986625877536       Integration, 7f458cc1-S 0123456780000075
627071004200789012345678     000007296625877579       Integration, 9ba338ab-S 0123456780000076
6273210702275678901234       000005346625877545       Integration, 303218f5-S 0123456780000077
627071004200789012345678     000007296625877588       Integration, 23137492-S 0123456780000078
627122238682890123456789     000008936625877568       Integration, f04c1ffd-S 0123456780000079
627071004200789012345678     000007296625877577       Integration, dd561137-S 0123456780000080
627322270495012345678        000000886625877597       Integration, 4fcf59f7-S 0123456780000081
6273210702275678901234       000005346625877554       Integration, cdd9b7c8-S 0123456780000082
6273210702275678901234       000005346625877543       Integration, 44516a3b-S 0123456780000083
627071004200789012345678     000007296625877586       Integration, 68934373-S 0123456780000084
627122238682890123456789     000008936625877563       Integration, 51f4c4b1-S 0123456780000085
822500007615664515530000049523160000000000001261338450                         123456780000002
5225Rise            8665801226 Debit    1262789066WEBPAYMENT         1310080001123456780000003
6271224017814567890123       000004636625877409       Integration, 729db91c-S 0123456780000086
6271224017814567890123       000004636625877406       Integration, 542c7fb9-S 0123456780000087
627122238682901234567890     000009006625877458       Integration, 3c51f1a1-S 0123456780000088
627123206710901234567890     000009906625877424       Integration, 39ff06fa-S 0123456780000089
627122238682901234567890     000009036625877441       Integration, 583f5fe2-S 0123456780000090
6271224017814567890123       000004636625877407       Integration, 2210f947-S 0123456780000091
627122238682901234567890     000009036625877442       Integration, 98e54c46-S 0123456780000092
627122238682901234567890     000009036625877439       Integration, 9ff18b45-S 0123456780000093
627071004381234567890        000002906625877459       Integration, 9f423ddb-S 0123456780000094
627322284892789012345678     000007046625877456       Integration, 803dd364-S 0123456780000095
6271224017814567890123       000004636625877408       Integration, 703f3743-S 0123456780000096
627322270495123456789        000001056625877405       Integration, ebdde244-S 0123456780000097
6270929029833456789012       000003496625877425       Integration, 13744b18-S 0123456780000098
627092902983234567890        000002976625877422       Integration, 9d6e9713-S 0123456780000099
627322284892789012345678     000007046625877457       Integration, ff57d5d4-S 0123456780000100
627123206710901234567890     000009906625877423       Integration, 724cb228-S 0123456780000101
627122238682901234567890     000009036625877440       Integration, fffaba21-S 0123456780000102
627071004200789012345678     000007396625877446       Integration, c3461ed3-S 0123456780000103
627071004200789012345678     000007086625877426       Integration, 9dcdeb72-S 0123456780000104
627322270356012345678        000000496625877412       Integration, dcf24337-S 0123456780000105
627122238682901234567890     000009036625877435       Integration, 65038690-S 0123456780000106
6270929029833456789012       000003466625877455       Integration, 0ffff71e-S 0123456780000107
6273210702275678901234       000005516625877401       Integration, f2b37c3d-S 0123456780000108
627071004200789012345678     000007396625877444       Integration, 46c31e25-S 0123456780000109
6273210702275678901234       000005476625877421       Integration, 769367e8-S 0123456780000110
6273222848926789012345       000006526625877453       Integration, 218b85d9-S 0123456780000111
627322285846234567890        000002136625877410       Integration, 6f705610-S 0123456780000112
6273210702275678901234       000005446625877430       Integration, 6feed57b-S 0123456780000113
627071004381234567890        000002446625877419       Integration, 2571fb3b-S 0123456780000114
6273222703695678901234       000005936625877462       Integration, 59e7a586-S 0123456780000115
627071004200789012345678     000007086625877428       Integration, a51ca1b1-S 0123456780000116
6273222848926789012345       000006526625877451       Integration, 1b46c7d9-S 0123456780000117
627102103119890123456789     000008446625877460       Integration, 97fe5cf2-S 0123456780000118
627071004200789012345678     000007466625877403       Integration, b9a87c24-S 0123456780000119
627122238682901234567890     000009036625877437       Integration, 786057e4-S 0123456780000120
627071004381234567890        000002936625877449       Integration, a0b3936d-S 0123456780000121
6273210702275678901234       000005446625877432       Integration, 2e919700-S 0123456780000122
6271220384424567890123       000004086625877415       Integration, 00231217-S 0123456780000123
627071004200789012345678     000007396625877447       Integration, 448f1222-S 0123456780000124
627071001041123456789        000001606625877398       Integration, ebd3cdfb-S 0123456780000125
627071004381234567890        000002936625877450       Integration, bbaff54b-S 0123456780000126
6273210702275678901234       000005446625877433       Integration, 226bf74f-S 0123456780000127
6271220384424567890123       000004086625877416       Integration, 04e35689-S 0123456780000128
627071004200789012345678     000007146625877399       Integration, ec01669d-S 0123456780000129
627322270495012345678        000004576625877448       Integration, cd22d28e-S 0123456780000130
6273210702275678901234       000005446625877431       Integration, 254aeb01-S 0123456780000131
6273210702275678901234       000005446625877434       Integration, 56ccf70c-S 0123456780000132
627322270356012345678        000000496625877414       Integration, 1fcb0ccd-S 0123456780000133
627102103119890123456789     000008576625877397       Integration, 71311931-S 0123456780000134
6271220384424567890123       000004086625877417       Integration, 69d0c374-S 0123456780000135
627071004200789012345678     000007146625877400       Integration, ea385aac-S 0123456780000136
6273210702275678901234       000005446625877429       Integration, a1bf76b9-S 0123456780000137
6273222848926789012345       000006526625877452       Integration, 326bc2f0-S 0123456780000138
627122238682901234567890     000009036625877438       Integration, 5a1397bf-S 0123456780000139
627071004381234567890        000002446625877418       Integration, c1d7c698-S 0123456780000140
6273222703695678901234       000005936625877461       Integration, 72b4e9e7-S 0123456780000141
627071004200789012345678     000007466625877404       Integration, c6d3e5c4-S 0123456780000142
627071004200789012345678     000007086625877427       Integration, bb1a3e7d-S 0123456780000143
627322270356012345678        000000496625877413       Integration, 94b9cc8c-S 0123456780000144
627122238682901234567890     000009036625877436       Integration, ab3e6416-S 0123456780000145
627122238682901234567890     000009096625877402       Integration, e5d01970-S 0123456780000146
627071004200789012345678     000007396625877445       Integration, 4801184c-S 0123456780000147
6272719727184567890123       000004886625877454       Integration, 7d98dd94-S 0123456780000148
627322285846234567890        000002136625877411       Integration, 09441eb7-S 0123456780000149
627071004200789012345678     000007396625877443       Integration, 530698da-S 0123456780000150
627071004381234567890        000002446625877420       Integration, 3f90a407-S 0123456780000151
822500006611508938890000037867560000000000001262789066                         123456780000003
5225Rise            8665801226 Debit    1204177339WEBPAYMENT         1310080001123456780000004
627322284892678901234567     000006946625877707       Integration, 993f64e6-S 0123456780000152
6273210702275678901234       000005316625877708       Integration, 4ef76bc4-S 0123456780000153
6273210702275678901234       000005316625877709       Integration, 74d09bdf-S 0123456780000154
6273210702275678901234       000005316625877710       Integration, 7ce343f9-S 0123456780000155
6273210702275678901234       000005316625877714       Integration, 7a868541-S 0123456780000156
6273210702275678901234       000005316625877712       Integration, c4629c9f-S 0123456780000157
6273210702275678901234       000005316625877716       Integration, a1d7743d-S 0123456780000158
6273210702275678901234       000005316625877715       Integration, f2e3693b-S 0123456780000159
6273210702275678901234       000005316625877713       Integration, a3a5c410-S 0123456780000160
6273210702275678901234       000005316625877711       Integration, c9b3e178-S 0123456780000161
822500001003211916870000005479600000000000001204177339                         123456780000004
5225Rise            8665801226 Debit    1204177339WEBPAYMENT         1310080001123456780000005
6270929029833456789012       000003366625877690       Integration, 5d5d37a1-S 0123456780000162
6270929029833456789012       000003366625877693       Integration, 307c6d66-S 0123456780000163
6270929029833456789012       000003366625877691       Integration, 33aa3192-S 0123456780000164
6270929029833456789012       000003366625877692       Integration, dd170bfd-S 0123456780000165
6270929029833456789012       000003366625877696       Integration, 9a57ef58-S 0123456780000166
6270929029833456789012       000003366625877694       Integration, 31eb23a6-S 0123456780000167
6270929029833456789012       000003366625877689       Integration, 5bb839db-S 0123456780000168
6270929029833456789012       000003366625877695       Integration, 6fbd4ded-S 0123456780000169
6270929029833456789012       000003366625877688       Integration, c6230c3d-S 0123456780000170
6270929029833456789012       000003366625877697       Integration, 6eb14a2a-S 0123456780000171
822500001000929029800000003366600000000000001204177339                         123456780000005
9000005000019000001723202441149000009764352000000000000                                       
9999999999999999999999999999999999999999999999999999999999999999999999999999999999999999999999
9999999999999999999999999999999999999999999999999999999999999999999999999999999999999999999999
9999999999999999999999999999999999999999999999999999999999999999999999999999999999999999999999
9999999999999999999999999999999999999999999999999999999999999999999999999999999999999999999999
9999999999999999999999999999999999999999999999999999999999999999999999999999999999999999999999
9999999999999999999999999999999999999999999999999999999999999999999999999999999999999999999999
