101 234567890 1234567891310081642D094101ImmDestName            ImmOriginName                  
5220Rise            8665801226 Credit   1261338450PPDADVANCE         1310080001123456780000001
622102103119890123456789     000008376625877638       Integration, 1f496590-  0123456780000000
622123206710901234567890     000009456625877661       Integration, 472aadbb-  0123456780000001
6221224017814567890123       000004476625877604       Integration, b1291139-  0123456780000002
622322285846123456789        000001966625877647       Integration, 6cb75546-  0123456780000003
6222719727184567890123       000004786625877627       Integration, cecffb5e-  0123456780000004
622071004381234567890        000002836625877613       Integration, b396174e-  0123456780000005
622102103119890123456789     000008376625877636       Integration, 364373fd-  0123456780000006
622322285846123456789        000001966625877645       Integration, 386f9531-  0123456780000007
6223222703696789012345       000006426625877622       Integration, 0376fad9-  0123456780000008
6221224017814567890123       000004476625877602       Integration, 27770544-  0123456780000009
622071004381234567890        000002836625877611       Integration, 3dfe122c-  0123456780000010
622322270356012345678        000000326625877654       Integration, 8b1a7dfe-  0123456780000011
6223222703696789012345       000006426625877620       Integration, 266b96dc-  0123456780000012
622071920559789012345678     000007826625877663       Integration, e04ffe83-  0123456780000013
622322270356012345678        000000326625877652       Integration, 7170130c-  0123456780000014
6222719727184567890123       000004786625877629       Integration, cdcca98d-  0123456780000015
622071004381234567890        000002836625877612       Integration, 3dae6a40-  0123456780000016
622102103119890123456789     000008376625877635       Integration, d4c37411-  0123456780000017
6221220384423456789012       000003916625877655       Integration, 3cd4b2b4-  0123456780000018
622071920559789012345678     000007826625877664       Integration, cc652350-  0123456780000019
622322285846123456789        000001966625877644       Integration, cdfccc91-  0123456780000020
6223222703696789012345       000006426625877621       Integration, 7e0e65f8-  0123456780000021
6222719727184567890123       000004786625877630       Integration, 8427c5bf-  0123456780000022
622322270356012345678        000000326625877653       Integration, 7d63db58-  0123456780000023
622071004381234567890        000002836625877610       Integration, dc31ca35-  0123456780000024
6223222703696789012345       000006426625877619       Integration, 1b793955-  0123456780000025
622123206710901234567890     000009456625877662       Integration, 2c907a60-  0123456780000026
6222719727184567890123       000004786625877628       Integration, 3a15a3c8-  0123456780000027
6221224017814567890123       000004476625877605       Integration, 8c4e028d-  0123456780000028
622102103119890123456789     000008376625877637       Integration, 305a8fa6-  0123456780000029
6223210702275678901234       000005866625877660       Integration, 6204d325-  0123456780000030
6221224017814567890123       000004476625877603       Integration, a63bbb28-  0123456780000031
622322285846123456789        000001966625877646       Integration, 9d7c82d2-  0123456780000032
622071004381234567890        000002836625877615       Integration, 91da454f-  0123456780000033
622102103119890123456789     000008376625877632       Integration, 9960f284-  0123456780000034
6223222703696789012345       000006426625877618       Integration, ca9ce47b-  0123456780000035
622071001041123456789        000001406625877667       Integration, d1dd5ea4-  0123456780000036
622322270495012345678        000000886625877601       Integration, ba6b5e68-  0123456780000037
622322270356012345678        000000326625877650       Integration, 3634e9f7-  0123456780000038
622102103119890123456789     000008376625877633       Integration, b021f597-  0123456780000039
6223222703696789012345       000006426625877616       Integration, 2230863b-  0123456780000040
622322270495012345678        000000886625877599       Integration, bbe72388-  0123456780000041
622071920559789012345678     000007826625877665       Integration, 81801b58-  0123456780000042
622071001041123456789        000001406625877668       Integration, 960d75b4-  0123456780000043
622322270356012345678        000000326625877648       Integration, 4ded54fb-  0123456780000044
622102103119890123456789     000008376625877634       Integration, 022d3903-  0123456780000045
6222719727184567890123       000004786625877631       Integration, 2e3ca77a-  0123456780000046
622071004381234567890        000002836625877614       Integration, 0c75d56a-  0123456780000047
622322270356012345678        000000326625877651       Integration, ce4bd80b-  0123456780000048
622322270495012345678        000000886625877600       Integration, d703a5b3-  0123456780000049
6223222703696789012345       000006426625877617       Integration, 7c8b3d7c-  0123456780000050
622322270356012345678        000000326625877649       Integration, 648361db-  0123456780000051
622071920559789012345678     000007826625877666       Integration, 761dac9f-  0123456780000052
6223210702275678901234       000005866625877658       Integration, 1b28e37f-  0123456780000053
622322285846123456789        000001966625877641       Integration, 7d7bf812-  0123456780000054
6222719727184567890123       000004786625877624       Integration, 1d313d0c-  0123456780000055
6221224017814567890123       000004476625877607       Integration, a67fa54c-  0123456780000056
6223210702275678901234       000005866625877656       Integration, 4832f781-  0123456780000057
622322285846123456789        000001966625877642       Integration, d0281b11-  0123456780000058
622102103119890123456789     000008376625877639       Integration, 6b1ecfca-  0123456780000059
6223210702275678901234       000005866625877659       Integration, a958e557-  0123456780000060
6221224017814567890123       000004476625877608       Integration, 5fbb44df-  0123456780000061
6222719727184567890123       000004786625877625       Integration, 379d2db1-  0123456780000062
6223210702275678901234       000005866625877657       Integration, 6b0dcd1a-  0123456780000063
6223222703696789012345       000006426625877623       Integration, 98cd271b-  0123456780000064
622322285846123456789        000001966625877643       Integration, e95e0e1e-  0123456780000065
622102103119890123456789     000008376625877640       Integration, ae19313f-  0123456780000066
6222719727184567890123       000004786625877626       Integration, 18839248-  0123456780000067
622071004381234567890        000002836625877609       Integration, b60e700c-  0123456780000068
6221224017814567890123       000004476625877606       Integration, 7b06b3f5-  0123456780000069
822000007014908907710000000000000000032128201261338450                         123456780000001
5220Rise            8665801226 Credit   1262789066PPDADVANCE         1310080001123456780000002
6220929029833456789012       000003396625877518       Integration, 08da1528-  0123456780000070
622123206710901234567890     000009496625877495       Integration, 016237e0-  0123456780000071
622071001041123456789        000001446625877504       Integration, 4dbff865-  0123456780000072
622123206710901234567890     000009806625877513       Integration, 63289922-  0123456780000073
622123206710901234567890     000009496625877493       Integration, 857b6125-  0123456780000074
6223222703696789012345       000006456625877470       Integration, 29da98c9-  0123456780000075
622071001041123456789        000001446625877502       Integration, bf600456-  0123456780000076
622322285846234567890        000002316625877479       Integration, 87f7c27f-  0123456780000077
622071004381234567890        000002876625877468       Integration, 4ae5aff2-  0123456780000078
6223222703695678901234       000005906625877488       Integration, d3550bcb-  0123456780000079
622123206710901234567890     000009806625877511       Integration, 391779da-  0123456780000080
6221220384423456789012       000003956625877477       Integration, 78b0e581-  0123456780000081
6220929029833456789012       000003396625877520       Integration, d5b21fc0-  0123456780000082
622123206710901234567890     000009836625877463       Integration, 1e782db7-  0123456780000083
6223222703695678901234       000005906625877486       Integration, 08b291c8-  0123456780000084
6223222703696789012345       000006456625877469       Integration, f09e89a9-  0123456780000085
622123206710901234567890     000009806625877512       Integration, 6c0022ec-  0123456780000086
6220929029833456789012       000003396625877521       Integration, 52f667c5-  0123456780000087
6221220384423456789012       000003956625877478       Integration, ad745d3c-  0123456780000088
6223222703695678901234       000005906625877487       Integration, d55c3a2c-  0123456780000089
622123206710901234567890     000009806625877510       Integration, 7cafa89d-  0123456780000090
622071920559789012345678     000007856625877496       Integration, d4402d88-  0123456780000091
6220929029833456789012       000003396625877519       Integration, d531067b-  0123456780000092
6223222703695678901234       000005906625877485       Integration, d998f2b1-  0123456780000093
622071001041123456789        000001446625877505       Integration, ba27c9a6-  0123456780000094
622123206710901234567890     000009496625877494       Integration, 89872189-  0123456780000095
6222719727184567890123       000004826625877471       Integration, cb5a4203-  0123456780000096
622071001041123456789        000001446625877503       Integration, a8d59f3b-  0123456780000097
622322285846234567890        000002316625877480       Integration, b6ef430a-  0123456780000098
622122238682890123456789     000008966625877466       Integration, 1fd08ba7-  0123456780000099
622071920559789012345678     000007856625877498       Integration, 21a10c3a-  0123456780000100
622322285846234567890        000002316625877481       Integration, 3518d1df-  0123456780000101
622123206710901234567890     000009806625877515       Integration, 577e0ecb-  0123456780000102
622071920559789012345678     000007856625877501       Integration, 3084f772-  0123456780000103
6220929029833456789012       000003426625877464       Integration, d218b802-  0123456780000104
6223222703695678901234       000005906625877484       Integration, 5f52f434-  0123456780000105
6221224017814567890123       000004506625877467       Integration, c41f6948-  0123456780000106
6220929029833456789012       000003396625877516       Integration, cc7add6e-  0123456780000107
622071920559789012345678     000007856625877499       Integration, 7aa15a62-  0123456780000108
622322285846234567890        000002316625877482       Integration, ec2aee7e-  0123456780000109
6223210702275678901234       000005376625877465       Integration, e931768c-  0123456780000110
6220929029833456789012       000003396625877517       Integration, a6692f31-  0123456780000111
622123206710901234567890     000009806625877514       Integration, c4f14c5d-  0123456780000112
622071920559789012345678     000007856625877497       Integration, 79e5b205-  0123456780000113
6223222703695678901234       000005906625877483       Integration, deb7aeaf-  0123456780000114
622071920559789012345678     000007856625877500       Integration, 3618c957-  0123456780000115
622102103119890123456789     000008416625877472       Integration, 8bfe1b65-  0123456780000116
622123206710901234567890     000009496625877492       Integration, 23a589c4-  0123456780000117
6223222703695678901234       000005906625877489       Integration, 33406fe3-  0123456780000118
622123206710901234567890     000009806625877509       Integration, d5f20a99-  0123456780000119
622322270356012345678        000000366625877475       Integration, 815da5e7-  0123456780000120
622071001041123456789        000001446625877507       Integration, 78acba1e-  0123456780000121
622322285846123456789        000001996625877473       Integration, 7638870b-  0123456780000122
622123206710901234567890     000009496625877490       Integration, 373a68ba-  0123456780000123
6221220384423456789012       000003956625877476       Integration, 0822783e-  0123456780000124
6220929029833456789012       000003396625877522       Integration, 46dc900f-  0123456780000125
622123206710901234567890     000009496625877491       Integration, bcf23a55-  0123456780000126
622071001041123456789        000001446625877508       Integration, bc971ba1-  0123456780000127
622322285846123456789        000001996625877474       Integration, 4562ce06-  0123456780000128
622071001041123456789        000001446625877506       Integration, 80772280-  0123456780000129
822000006009929973190000000000000000033465601262789066                         123456780000002
5220Rise            8665801226 Credit   1204177339PPDADVANCE         1310080001123456780000003
622322284892678901234567     000006946625877704       Integration, 19d0efd4-  0123456780000130
622322284892678901234567     000006946625877702       Integration, 5687f019-  0123456780000131
622322284892678901234567     000006946625877705       Integration, 4bcfdd63-  0123456780000132
622322284892678901234567     000006946625877703       Integration, e637163d-  0123456780000133
6220929029833456789012       000003366625877701       Integration, c83c719b-  0123456780000134
6220929029833456789012       000003366625877698       Integration, a14d99a1-  0123456780000135
6220929029833456789012       000003366625877699       Integration, c496d351-  0123456780000136
6220929029833456789012       000003366625877700       Integration, b75f356e-  0123456780000137
622322284892678901234567     000006946625877706       Integration, 76ea7ede-  0123456780000138
822000000901983036370000000000000000004819941204177339                         123456780000003
5220Rise            8665801226 Credit   1204177339PPDADVANCE         1310080001123456780000004
622071001041123456789        000001406625877679       Integration, 18767530-  0123456780000139
622123206710901234567890     000009776625877686       Integration, 5a901565-  0123456780000140
622123206710901234567890     000009776625877687       Integration, f2e8e15c-  0123456780000141
622123206710901234567890     000009776625877685       Integration, 377ded43-  0123456780000142
622071001041123456789        000001406625877680       Integration, 9247a483-  0123456780000143
622123206710901234567890     000009776625877681       Integration, 6ee3f3e9-  0123456780000144
622123206710901234567890     000009776625877684       Integration, eb8aa7b6-  0123456780000145
622123206710901234567890     000009776625877682       Integration, 383a81ef-  0123456780000146
622123206710901234567890     000009776625877683       Integration, 538d933d-  0123456780000147
822000000901004449050000000000000000007124941204177339                         123456780000004
5220Rise            8665801226 Credit   1204177339PPDADVANCE         1310080001123456780000005
622122238682890123456789     000008906625877722       Integration, 93e5d115-  0123456780000148
6223210702275678901234       000005316625877720       Integration, 993128d4-  0123456780000149
622122238682890123456789     000008906625877721       Integration, 845edb91-  0123456780000150
6223210702275678901234       000005316625877719       Integration, 6742deea-  0123456780000151
6223210702275678901234       000005316625877718       Integration, 5de932cb-  0123456780000152
6223210702275678901234       000005316625877717       Integration, 5ae49a0b-  0123456780000153
622122238682890123456789     000008906625877724       Integration, 96d842a2-  0123456780000154
622122238682890123456789     000008906625877725       Integration, 1d2676b6-  0123456780000155
622122238682890123456789     000008906625877723       Integration, f4bf9d97-  0123456780000156
822000000901895474280000000000000000006579941204177339                         123456780000005
9000005000017000001572972184060000000000000000008411862                                       
9999999999999999999999999999999999999999999999999999999999999999999999999999999999999999999999
